@article{10.1109/MCSE.2012.69,
    author = {Kalin, Martin and Miller, David},
    title = {Clojure for Number Crunching on Multicore Machines},
    journaltitle ={Computing in Science and Engineering},
    date = {2012},
    volume = {14},
    number = {6},
    issn = {1521-9615},
    pages = {12-23},
    doi = {10.1109/MCSE.2012.69},
    publisher = {IEEE Computer Society},
    location = {Los Alamitos, CA, USA},
}

@mastersthesis{2002-12-LattnerMSThesis,
    author = {Lattner, Chris},
    title = {LLVM: An Infrastructure For Multi-Stage Optimization},
    type = {Master's},
    institution = {University of Portland},
    date = {2002-12},
    url = {http://llvm.org/pubs/2002-12-LattnerMSThesis.html},
    urldate = {2013-04-02},
}

@article{2011-02-FOSDEM-LLVMAndClang,
    author = {Lattner, Chris},
    title = {LLVM and Clang: Advancing Compiler Technology},
    journaltitle = {Free and Open Source Developers' European Meeting},
    date = {2011-02},
    url = {http://llvm.org/pubs/2011-02-FOSDEM-LLVMAndClang.html},
    urldate = {2013-04-09},
}

@article{Girkar:1995:ETP:210184.210189,
   author = {Girkar, Milind and Polychronopoulos, Constantine D.},
   title = {Extracting Task-level Parallelism},
   journaltitle = {ACM Transactions on Programming Languages and Systems},
   date = {1995-07},
   volume = {17},
   number = {4},
   pages = {600--634},
   issn = {0164-0925},
   doi = {10.1145/210184.210189},
   publisher = {ACM},
   urldate = {2013-04-09},
}

@inproceedings{improving-task-scheduling,
    author = {Maheshwari, Piyush},
    title = {Improving task scheduling for larger grain execution of parallel functional programs}, 
    booktitle = {System Sciences, 1993, Proceeding of the Twenty-Sixth Hawaii International Conference},
    date = {1993},
    volume = {2}, 
    pages = {594-602},
    doi = {10.1109/HICSS.1993.284066},
    urldate = {2013-04-09},
}

@inproceedings{Morihata:2011:BTI:2034773.2034791,
   author = {Morihata, Akimasa and Matsuzaki, Kiminori},
   title = {Balanced Trees Inhabiting Functional Parallel Programming},
   booktitle = {Proceedings of the 16th ACM SIGPLAN International Conference on Functional Programming},
   date = {2011},
   series = {ICFP '11},
   publisher = {ACM},
   location = {Tokyo, Japan},
   isbn = {978-1-4503-0865-6},
   pages = {117--128},
   doi = {10.1145/2034773.2034791},
   urldate = {2013-04-09},
}

@inproceedings{gabriel04:_open_mpi,
    author = {Edgar Gabriel and Graham E. Fagg and George Bosilca and Thara Angskun and Jack J. Dongarra and Jeffrey M. Squyres and Vishal Sahay and Prabhanjan Kambadur and Brian Barrett and Andrew Lumsdaine and Ralph H. Castain and David J. Daniel and Richard L. Graham and Timothy S. Woodall},
    title = {Open MPI: Goals, Concept, and Design of a Next Generation MPI Implementation},
    booktitle = {Proceedings, 11th European PVM/MPI Users' Group Meeting},
    date = {2004-09},
    location = {Budapest, Hungary},
    pages = {97--104},
    url = {http://www.open-mpi.org/papers/euro-pvmmpi-2004-overview/euro-pvmmpi-2004-overview.pdf},
    urldate = {2013-04-19},
}

@manual{openmp-specs,
    author = {{OpenMP Architecture Review Board}},
    title = {OpenMP Application Program Interface},
    date = {2011-07},
    version = {3.1},
    url = {http://www.openmp.org/mp-documents/OpenMP3.1.pdf},
    urldate = {2013-04-19},
}

@online{toy-compiler,
    author = {Segal, Loren},
    title = {Writing Your Own Toy Compiler Using Flex, Bison and LLVM},
    date = {2009-09-18},
    url = {http://gnuu.org/2009/09/18/writing-your-own-toy-compiler/},
    urldate = {2014-04-21},
}

@manual{llvm-manual,
    title = {LLVM Compiler Infrastructure},
    date = {2014-01-02},
    version = {3.4},
    url = {http://llvm.org/releases/3.4/docs/index.html},
    urldate = {2014-04-21},
}

@inbook{llvm-kaleidescope,
    author = {Chris Lattner},
    title = {Kaleidoscope: Implementing a Language with LLVM},
    booktitle = {LLVM Compiler Infrastructure},
    date = {2014-01-02},
    version = {3.4},
    url = {http://llvm.org/releases/3.4/docs/tutorial/LangImpl1.html},
    urldate = {2014-04-21},
}

@online{bs-faq,
    author = {Stroustrup, Bjarne},
    title = {Bjarne Stroustrup's FAQ},
    date = {2014-02-11},
    url = {http://www.stroustrup.com/bs_faq.html#C++03},
    urldate = {2014-04-21},
}

@online{llvm-demo,
    title = {LLVM Demo},
    url = {http://llvm.org/demo/},
    urldate = {2014-04-21},
}

@online{ellcc-demo,
    title = {ELLCC Demo},
    url = {http://ellcc.org/demo/index.cgi},
    urldate = {2014-04-21},
}

@online{clang,
    title = {Clang: a C language family frontend for LLVM},
    url = {http://clang.llvm.org/},
    urldate = {2014-04-21},
}

@inproceedings{boost-variant,
    author = {Alexandrescu, Andrei},
    editor = {Sweeney, Peter},
    title = {An Implementation of Discriminated Unions in C++},
    booktitle = {OOPSLA},
    year = {2001},
    url = {http://citeseerx.ist.psu.edu/viewdoc/summary?doi=10.1.1.18.3325},
    urldate = {2014-04-21},
}

@online{boost,
    title = {Boost C++ Libraries},
    url = {http://www.boost.org/},
    urldate = {2014-04-21},
}

@online{so-llvm-rtti,
    author = {Lattner, Chris},
    title = {What can make C++ RTTI undesirable?},
    url = {http://stackoverflow.com/a/5138926},
    urldate = {2014-04-21},
    organization = {Stack Overflow},
}

@inproceedings{Ford:2004:PEG:964001.964011,
    author = {Ford, Bryan},
    title = {Parsing Expression Grammars: A Recognition-based Syntactic Foundation},
    booktitle = {Proceedings of the 31st ACM SIGPLAN-SIGACT Symposium on Principles of Programming Languages},
    series = {POPL '04},
    year = {2004},
    isbn = {1-58113-729-X},
    location = {Venice, Italy},
    pages = {111--122},
    numpages = {12},
    url = {http://doi.acm.org/10.1145/964001.964011},
    doi = {10.1145/964001.964011},
    acmid = {964011},
    publisher = {ACM},
    address = {New York, NY, USA},
    keywords = {BNF, GTDPL, TDPL, context-free grammars, lexical analysis, packrat parsing, parsing expression grammars, regular expressions, scannerless parsing, syntactic predicates, unified grammars},
}

@manual{pthreads,
    author = {The IEEE and The Open Group},
    title = {The Open Group Base Specifications Issue 7},
    date = {2013},
    version = {7},
    url = {http://pubs.opengroup.org/onlinepubs/9699919799/basedefs/pthread.h.html},
    urldate = {2014-09-08},
}

@manual{flex,
    author = {Vern Paxson and Will Estes and John Millaway},
    title = {Lexical Analysis With Flex},
    date = {2012-07-22},
    version = {2.5.37},
    url = {http://flex.sourceforge.net/manual/},
    urldate = {2014-09-08},
}

@manual{bison,
    author = {Free Software Foundation},
    title = {Bison 3.0.2},
    date = {2014-08-06},
    version = {3.0.2},
    url = {http://www.gnu.org/software/bison/manual/bison.html},
    urldate = {2014-09-08},
}
